<record><leader>00000cas a22000007a 4500</leader><controlfield tag="001">9638362</controlfield><controlfield tag="008">830623c19809999nhudr ne      0    0eng d</controlfield><datafield ind1=" " ind2=" " tag="010"><subfield code="a">sn 83045745 </subfield></datafield><datafield ind1=" " ind2=" " tag="040"><subfield code="a">CRL</subfield><subfield code="b">eng</subfield><subfield code="c">CRL</subfield><subfield code="d">NPW</subfield><subfield code="d">YOX</subfield><subfield code="d">NVH</subfield><subfield code="d">CRL</subfield><subfield code="d">DLC</subfield><subfield code="d">OCLCF</subfield><subfield code="d">OCLCO</subfield></datafield><datafield ind1="1" ind2=" " tag="029"><subfield code="a">AU@</subfield><subfield code="b">000020227752</subfield></datafield><datafield ind1=" " ind2=" " tag="032"><subfield code="a">379600 (Sunday)</subfield><subfield code="b">USPS</subfield></datafield><datafield ind1=" " ind2=" " tag="042"><subfield code="a">msc</subfield></datafield><datafield ind1=" " ind2=" " tag="043"><subfield code="a">n-us-nh</subfield></datafield><datafield ind1="0" ind2=" " tag="130"><subfield code="a">Union leader (Manchester, N.H. : Greater Manchester ed.)</subfield></datafield><datafield ind1="0" ind2="4" tag="245"><subfield code="a">The union leader.</subfield></datafield><datafield ind1="1" ind2=" " tag="246"><subfield code="i">Issues for Sunday Sept. 28, 1980-   published as:</subfield><subfield code="a">New Hampshire Sunday news</subfield></datafield><datafield ind1="1" ind2="7" tag="246"><subfield code="a">Manchester (N.H.) union leader</subfield><subfield code="f">Sept. 24, 1980-</subfield></datafield><datafield ind1=" " ind2=" " tag="250"><subfield code="a">Greater Manchester ed.</subfield></datafield><datafield ind1=" " ind2=" " tag="260"><subfield code="a">Manchester, N.H. :</subfield><subfield code="b">Union Leader,</subfield><subfield code="c">1980-</subfield></datafield><datafield ind1=" " ind2=" " tag="300"><subfield code="a">v.</subfield></datafield><datafield ind1=" " ind2=" " tag="310"><subfield code="a">Daily</subfield></datafield><datafield ind1="0" ind2=" " tag="362"><subfield code="a">118th year, no. 153 (Sept. 24, 1980)-</subfield></datafield><datafield ind1=" " ind2=" " tag="515"><subfield code="a">Sunday issues have their own numbering.</subfield></datafield><datafield ind1=" " ind2=" " tag="530"><subfield code="a">Also available on microfilm from New England Micrographics.</subfield></datafield><datafield ind1=" " ind2=" " tag="580"><subfield code="a">State ed.: Union leader (Manchester, N.H. : State ed.)</subfield></datafield><datafield ind1=" " ind2="0" tag="651"><subfield code="a">Manchester (N.H.)</subfield><subfield code="v">Newspapers.</subfield></datafield><datafield ind1=" " ind2="7" tag="655"><subfield code="a">Newspapers.</subfield><subfield code="2">fast</subfield><subfield code="0">(OCoLC)fst01423814</subfield></datafield><datafield ind1=" " ind2="7" tag="651"><subfield code="a">New Hampshire</subfield><subfield code="z">Manchester.</subfield><subfield code="2">fast</subfield><subfield code="0">(OCoLC)fst01212997</subfield></datafield><datafield ind1=" " ind2=" " tag="752"><subfield code="a">United States</subfield><subfield code="b">New Hampshire</subfield><subfield code="c">Hillsborough</subfield><subfield code="d">Manchester.</subfield></datafield><datafield ind1="1" ind2=" " tag="775"><subfield code="t">Union leader (Manchester, N.H. : State ed.)</subfield><subfield code="w">(DLC)sn 83045197</subfield><subfield code="w">(OCoLC)8597404</subfield></datafield><datafield ind1="0" ind2="0" tag="780"><subfield code="t">Manchester New Hampshire union leader (Manchester, N.H. : City ed.)</subfield><subfield code="w">(DLC)sn 91063177</subfield><subfield code="w">(OCoLC)24498311</subfield></datafield></record>